
@inproceedings{jo2021practical,
  title={Practical single-image super-resolution using look-up table},
  author={Jo, Younghyun and Kim, Seon Joo},
  booktitle={Proceedings of the IEEE/CVF Conference on Computer Vision and Pattern Recognition},
  pages={691--700},
  year={2021}
}